<?xml version="1.0" encoding="UTF-8"?><collection xmlns="http://www.loc.gov/MARC21/slim"><record><leader>00422nam--2200169-i-4500</leader><controlfield tag="001">000008496</controlfield><controlfield tag="002">20161230</controlfield><controlfield tag="005">20170114222934</controlfield><controlfield tag="008">060222s1000------------r-----000-0-eng-d</controlfield><datafield ind1=" " ind2=" " tag="080"><subfield code="a">55</subfield></datafield><datafield ind1=" " ind2=" " tag="100"><subfield code="a">Cahen, L</subfield></datafield><datafield ind1=" " ind2=" " tag="245"><subfield code="a">The geochronology of equatorial Africa</subfield></datafield><datafield ind1=" " ind2=" " tag="260"><subfield code="a">Amsterdam</subfield><subfield code="b">North-Holland Publ.Co</subfield><subfield code="c">1966</subfield></datafield><datafield ind1=" " ind2=" " tag="300"><subfield code="a">VIII+ 195 p</subfield></datafield><datafield ind1=" " ind2=" " tag="700"><subfield code="a">Snelling, N. J</subfield></datafield><datafield ind1=" " ind2=" " tag="852"><subfield code="a">28521</subfield></datafield><datafield ind1=" " ind2=" " tag="CAT"><subfield code="a">SYS</subfield><subfield code="c">20170114</subfield><subfield code="h">222934</subfield></datafield></record></collection>